<record><leader>00000cas a2200000 a 4500</leader><controlfield tag="001">30710695</controlfield><controlfield tag="008">940705c19249999oruwr ne      0    0eng c</controlfield><datafield ind1=" " ind2=" " tag="010"><subfield code="a">sn 96088401 </subfield></datafield><datafield ind1=" " ind2=" " tag="040"><subfield code="a">ORY</subfield><subfield code="b">eng</subfield><subfield code="c">ORY</subfield><subfield code="d">OCN</subfield><subfield code="d">OCLCQ</subfield><subfield code="d">ORU</subfield><subfield code="d">OCLCQ</subfield><subfield code="d">OCLCF</subfield><subfield code="d">OCLCO</subfield></datafield><datafield ind1="1" ind2=" " tag="029"><subfield code="a">AU@</subfield><subfield code="b">000025922885</subfield></datafield><datafield ind1=" " ind2=" " tag="037"><subfield code="b">P.O. Box 1108, Canby, OR 97013</subfield></datafield><datafield ind1=" " ind2=" " tag="042"><subfield code="a">pcc</subfield></datafield><datafield ind1=" " ind2=" " tag="043"><subfield code="a">n-us-or</subfield></datafield><datafield ind1="0" ind2=" " tag="130"><subfield code="a">Canby herald (Canby, Or. : 1924)</subfield></datafield><datafield ind1="1" ind2="4" tag="245"><subfield code="a">The Canby herald.</subfield></datafield><datafield ind1=" " ind2=" " tag="260"><subfield code="a">Canby, Or. :</subfield><subfield code="b">W.C. Culbertson</subfield></datafield><datafield ind1=" " ind2=" " tag="300"><subfield code="a">v. :</subfield><subfield code="b">ill. ;</subfield><subfield code="c">58 cm.</subfield></datafield><datafield ind1=" " ind2=" " tag="310"><subfield code="a">Weekly</subfield></datafield><datafield ind1="1" ind2=" " tag="362"><subfield code="a">Began in 1924.</subfield></datafield><datafield ind1=" " ind2=" " tag="500"><subfield code="a">Shares classified ads with other regional papers.</subfield></datafield><datafield ind1=" " ind2=" " tag="500"><subfield code="a">1924 includes newspaper published during school terms by Canby High School.</subfield></datafield><datafield ind1=" " ind2=" " tag="530"><subfield code="a">Also issued on microfilm from University of Oregon.</subfield></datafield><datafield ind1=" " ind2=" " tag="588"><subfield code="a">Description based on: Vol. 9, no. 34 (Aug 14, 1924).</subfield></datafield><datafield ind1=" " ind2=" " tag="588"><subfield code="a">Latest issue consulted: Vol. 91, no. 22 (May 28, 1997).</subfield></datafield><datafield ind1=" " ind2="0" tag="651"><subfield code="a">Canby (Or.)</subfield><subfield code="v">Newspapers.</subfield></datafield><datafield ind1=" " ind2="7" tag="655"><subfield code="a">Newspapers.</subfield><subfield code="2">fast</subfield><subfield code="0">(OCoLC)fst01423814</subfield></datafield><datafield ind1=" " ind2="7" tag="651"><subfield code="a">Oregon</subfield><subfield code="z">Canby.</subfield><subfield code="2">fast</subfield><subfield code="0">(OCoLC)fst01221351</subfield></datafield><datafield ind1="0" ind2="2" tag="740"><subfield code="a">High school epitome.</subfield></datafield><datafield ind1=" " ind2=" " tag="752"><subfield code="a">United States</subfield><subfield code="b">Oregon</subfield><subfield code="c">Clackamas</subfield><subfield code="d">Canby.</subfield></datafield><datafield ind1="0" ind2="0" tag="780"><subfield code="t">Canby herald and Clackamas County news</subfield><subfield code="w">(DLC)sn 96088400</subfield><subfield code="w">(OCoLC)37185818</subfield></datafield><datafield ind1="0" ind2="1" tag="785"><subfield code="t">Canby herald &amp; Wilsonville spokesman</subfield><subfield code="w">(DLC)sn 97058267</subfield><subfield code="w">(OCoLC)37306724</subfield></datafield></record>